@inproceedings{come2010aircraft,
  title={Aircraft engine health monitoring using self-organizing maps},
  author={C{\^o}me, Etienne and Cottrell, Marie and Verleysen, Michel and Lacaille, J{\'e}r{\^o}me},
  booktitle={Industrial Conference on Data Mining},
  pages={405--417},
  year={2010},
  organization={Springer}
}

@inproceedings{Tian2014AnomalyDU,
  title={Anomaly Detection Using Self-Organizing Maps-Based K-Nearest Neighbor Algorithm},
  author={Jianrong Tian and Michael H. Azarian and Michael Pecht},
  year={2014}
}

@book{mobley2002introduction,
  title={An Introduction to Predictive Maintenance},
  author={Mobley, R.K.},
  isbn={9780080478692},
  series={Plant Engineering},
  url={https://books.google.ca/books?id=SjqXzxpAzSQC},
  year={2002},
  publisher={Elsevier Science}
}

@techreport{whypdmfails,
     title = {{Predictive Maintenance - Avoiding the Ten Most Common Pitfalls}},
     author = {Douglas Hart},
     group = {Emerson Reliability Consulting},
     year = {2017},
     institution = {Emerson},
     month = {02},
     Date-Added = {2018-09-01 10:05:52}
}

@article {Morse1364,
	author = {Morse, Philip M.},
	title = {{OR in World War 2. Operational Research Against the U Boat}},
	volume = {184},
	number = {4144},
	pages = {1364--1365},
	year = {1974},
	doi = {10.1126/science.184.4144.1364},
	publisher = {American Association for the Advancement of Science},
	issn = {0036-8075},
	URL = {http://science.sciencemag.org/content/184/4144/1364},
	eprint = {http://science.sciencemag.org/content/184/4144/1364.full.pdf},
	journal = {Science}
}

@book{foust_steenstrup_2018, title={ Market Guide for Asset Performance Management Software}, journal={ Market Guide for Asset Performance Management Software}, institution={Gartner}, author={Foust, Nicole and Steenstrup, Kristian}, year={2018}, month={Jun}}

@article{opt,
author = {Seeböck, Philipp and Waldstein, Sebastian and Klimscha, Sophie and Gerendas, Bianca and Donner, René and Schlegl, Thomas and Schmidt-Erfurth, Ursula and Langs, Georg},
year = {2016},
month = {12},
pages = {},
title = {Identifying and Categorizing Anomalies in Retinal Imaging Data}
}

@article{map1990self,
  title={Self-organizing map},
  author={Kohonen, Teuvo},
  journal={Proceedings of the IEEE},
  volume={78},
  pages={1464--1480},
  year={1990}
}

@article{lei2009gear,
  title={Gear crack level identification based on weighted K nearest neighbor classification algorithm},
  author={Lei, Yaguo and Zuo, Ming J},
  journal={Mechanical Systems and Signal Processing},
  volume={23},
  number={5},
  pages={1535--1547},
  year={2009},
  publisher={Elsevier}
}

@INPROCEEDINGS{5524339, 
author={O. Geramifard and J. -. Xu and C. K. Pang and J. H. Zhou and X. Li}, 
booktitle={IEEE ICCA 2010}, 
title={Data-driven approaches in health condition monitoring — A comparative study}, 
year={2010}, 
volume={}, 
number={}, 
pages={1618-1622}, 
keywords={belief networks;condition monitoring;force sensors;genetic algorithms;learning (artificial intelligence);multilayer perceptrons;occupational health;occupational safety;production engineering computing;self-organising feature maps;data driven approache;health condition monitoring;K-nearest neighbor algorithm;K-NN;self organizing map algorithm;multilayer perceptron;Bayesian network classifier;MLP;force sensing;genetic algorithm;cutting machine;Condition monitoring;Feature extraction;Force sensors;Production;Data mining;Sensor phenomena and characterization;Space technology;Multilayer perceptrons;Bayesian methods;Genetic algorithms}, 
doi={10.1109/ICCA.2010.5524339}, 
ISSN={1948-3457}, 
month={June},}

@article{Sotiris2010AnomalyDT,
  title={Anomaly Detection Through a Bayesian Support Vector Machine},
  author={Vasilis A. Sotiris and Peter W. Tse and Michael G. Pecht},
  journal={IEEE Transactions on Reliability},
  year={2010},
  volume={59},
  pages={277-286}
}

@article{som-1,
author = {Huang, Runqing and Xi, Lifeng and Li, Xinglin and Richard Liu, C and Qiu, Hai and Lee, Jay},
year = {2007},
month = {01},
pages = {193-207},
title = {Residual life predictions for ball bearings based on self-organizing map and back propagation neural network methods},
volume = {21},
booktitle = {Mechanical Systems and Signal Processing}
}